<?xml version="1.0" encoding="utf-8"?>
<record xmlns="http://www.loc.gov/MARC21/slim" xmlns:xsi="http://www.w3.org/2001/XMLSchema-instance" xsi:schemaLocation="http://www.loc.gov/MARC21/slim http://www.loc.gov/standards/marcxml/schema/MARC21slim.xsd">
	<leader>     nam a22     Mi 4500</leader>
	<controlfield tag="001">b12471902</controlfield>
	<controlfield tag="003">LeBAU</controlfield>
	<controlfield tag="006">m        d        </controlfield>
	<controlfield tag="007">cr cn |||m|||a</controlfield>
	<controlfield tag="008">210702s1951    le      o     1|0 0 ara d</controlfield>
	<datafield ind1=" " ind2=" " tag="040">
		<subfield code="a">ZYU</subfield>
		<subfield code="b">ara</subfield>
		<subfield code="e">rda</subfield>
		<subfield code="c">ZYU</subfield>
	</datafield>
	<datafield ind1="0" ind2="4" tag="082">
		<subfield code="a">382.0956</subfield>
		<subfield code="2">23</subfield>
	</datafield>
	<datafield ind1="2" ind2=" " tag="111">
		<subfield code="6">880-01</subfield>
		<subfield code="a">Muʼtamar Ghuraf al-Tijārah wa-al-Ṣināʻah wa-al-Zirāʻah lil-Bilād al-ʻArabīyah</subfield>
		<subfield code="n">(2 :</subfield>
		<subfield code="d">1951 :</subfield>
		<subfield code="c">Beirut, Lebanon)</subfield>
	</datafield>
	<datafield ind1="1" ind2="3" tag="245">
		<subfield code="6">880-02</subfield>
		<subfield code="a">al-Dawrah al-thānīyah li-Muʼtamar Ghuraf al-Tijārah fī Bayrūt.</subfield>
	</datafield>
	<datafield ind1=" " ind2="1" tag="264">
		<subfield code="6">880-03</subfield>
		<subfield code="a">[Bayrūt] :</subfield>
		<subfield code="b">[publisher not identified],</subfield>
		<subfield code="c">1371 [H.] = 1951 [M.]</subfield>
	</datafield>
	<datafield ind1=" " ind2=" " tag="300">
		<subfield code="6">880-04</subfield>
		<subfield code="a">online resource (105 pages)</subfield>
	</datafield>
	<datafield ind1=" " ind2=" " tag="336">
		<subfield code="a">text</subfield>
		<subfield code="2">rdacontent</subfield>
	</datafield>
	<datafield ind1=" " ind2=" " tag="337">
		<subfield code="a">computer</subfield>
		<subfield code="2">rdamedia</subfield>
	</datafield>
	<datafield ind1=" " ind2=" " tag="338">
		<subfield code="a">online resource</subfield>
		<subfield code="2">rdacarrier</subfield>
	</datafield>
	<datafield ind1=" " ind2=" " tag="500">
		<subfield code="a">Part of the Arabic Collections Online (ACO) project, contributed by American University of Beirut's Jafet Memorial Library.</subfield>
	</datafield>
	<datafield ind1=" " ind2=" " tag="533">
		<subfield code="a">Electronic reproduction.</subfield>
		<subfield code="b">New York, N.Y. :</subfield>
		<subfield code="c">New York University,</subfield>
		<subfield code="d">2021.</subfield>
		<subfield code="5">NNU</subfield>
	</datafield>
	<datafield ind1=" " ind2="0" tag="650">
		<subfield code="6">880-05</subfield>
		<subfield code="a">Industries</subfield>
		<subfield code="z">Arab countries</subfield>
		<subfield code="v">Congresses.</subfield>
	</datafield>
	<datafield ind1=" " ind2="0" tag="651">
		<subfield code="6">880-06</subfield>
		<subfield code="a">Arab countries</subfield>
		<subfield code="x">Commerce</subfield>
		<subfield code="v">Congresses.</subfield>
	</datafield>
	<datafield ind1=" " ind2="0" tag="651">
		<subfield code="6">880-07</subfield>
		<subfield code="a">Arab countries</subfield>
		<subfield code="x">Economic conditions</subfield>
		<subfield code="v">Congresses.</subfield>
	</datafield>
	<datafield ind1=" " ind2="0" tag="651">
		<subfield code="6">880-08</subfield>
		<subfield code="a">Arab countries</subfield>
		<subfield code="x">Commercial policy</subfield>
		<subfield code="v">Congresses.</subfield>
	</datafield>
	<datafield ind1="2" ind2=" " tag="710">
		<subfield code="a">Jafet Memorial Library.</subfield>
	</datafield>
	<datafield ind1="0" ind2=" " tag="730">
		<subfield code="a">Arabic Collections Online.</subfield>
	</datafield>
	<datafield ind1="0" ind2="8" tag="776">
		<subfield code="i">Print version:</subfield>
		<subfield code="t">al-Dawrah al-thānīyah li-Muʼtamar Ghuraf al-Tijārah fī Bayrūt</subfield>
		<subfield code="w">(LeBAU)b12471902</subfield>
	</datafield>
	<datafield ind1="4" ind2="0" tag="856">
		<subfield code="u">http://hdl.handle.net/2333.1/cvdncwbn</subfield>
	</datafield>
	<datafield ind1="2" ind2=" " tag="880">
		<subfield code="6">111-01</subfield>
		<subfield code="a">مؤتمر غرف التجارة والصناعة والزراعة للبلاد العربية</subfield>
		<subfield code="n">(2 :</subfield>
		<subfield code="d">1951 :</subfield>
		<subfield code="c">[بيروت، لبنان)</subfield>
	</datafield>
	<datafield ind1="1" ind2="2" tag="880">
		<subfield code="6">245-02</subfield>
		<subfield code="a">الدورة الثانية لمؤتمر غرف التجارة في بيروت.</subfield>
	</datafield>
	<datafield ind1=" " ind2="1" tag="880">
		<subfield code="6">264-03</subfield>
		<subfield code="a">[بيروت] :</subfield>
		<subfield code="b">[الناشر غير محدد]،</subfield>
		<subfield code="c">1371 [هـ.]، 1951 [م.]</subfield>
	</datafield>
	<datafield ind1=" " ind2=" " tag="880">
		<subfield code="6">300-04</subfield>
		<subfield code="a">105 صفحات ؛</subfield>
		<subfield code="c">27 سم</subfield>
	</datafield>
	<datafield ind1=" " ind2=" " tag="880">
		<subfield code="6">500-00</subfield>
		<subfield code="a">&quot;عقدت الدورة الثانية لمؤتمر غرف التجارة في بيروت بقاعة الاونيسكو ابتداءً من صباح الاثنين 18 ربيع اول سنة 1371 الموافق 17 كانون اول (ديسمبر) سنة 1951 حتى ظهر يوم الخميس 21 ربيع اول سنة 1371 الموافق 20 كانون اول (ديسمبر) سنة 1951.&quot;</subfield>
	</datafield>
	<datafield ind1=" " ind2=" " tag="880">
		<subfield code="6">588-00</subfield>
		<subfield code="a">العنوان أخذ من صفحة 3.</subfield>
	</datafield>
	<datafield ind1=" " ind2=" " tag="880">
		<subfield code="6">590-00</subfield>
		<subfield code="a">صفحة العنوان مفتقدة.</subfield>
	</datafield>
	<datafield ind1=" " ind2="4" tag="880">
		<subfield code="6">650-05</subfield>
		<subfield code="a">الصناعات</subfield>
		<subfield code="z">البلدان العربية</subfield>
		<subfield code="v">مؤتمرات.</subfield>
	</datafield>
	<datafield ind1=" " ind2="4" tag="880">
		<subfield code="6">651-06</subfield>
		<subfield code="a">البلدان العربية</subfield>
		<subfield code="x">التجارة</subfield>
		<subfield code="v">مؤتمرات.</subfield>
	</datafield>
	<datafield ind1=" " ind2="4" tag="880">
		<subfield code="6">651-07</subfield>
		<subfield code="a">البلدان العربية</subfield>
		<subfield code="x">الأحوال الاقتصادية</subfield>
		<subfield code="v">مؤتمرات.</subfield>
	</datafield>
	<datafield ind1=" " ind2="4" tag="880">
		<subfield code="6">651-08</subfield>
		<subfield code="a">البلدان العربية</subfield>
		<subfield code="x">السياسة التجارية</subfield>
		<subfield code="v">مؤتمرات.</subfield>
	</datafield>
	<datafield ind1=" " ind2=" " tag="959">
		<subfield code="a">NNU</subfield>
		<subfield code="b">WEB</subfield>
		<subfield code="c">GENI</subfield>
		<subfield code="t">0</subfield>
		<subfield code="m">Electronic access</subfield>
		<subfield code="s">01</subfield>
	</datafield>
	<datafield ind1=" " ind2=" " tag="999">
		<subfield code="i">LeBAU_b12471902</subfield>
		<subfield code="s">aub_aco004272</subfield>
		<subfield code="e">(ERROR-MISC)</subfield>
		<subfield code="s">aub_aco004272</subfield>
	</datafield>
</record>
